
@article{haakman2021ai,
  title={AI lifecycle models need to be revised},
  author={Haakman, Mark and Cruz, Lu{\'\i}s and Huijgens, Hennie and van Deursen, Arie},
  journal={Empirical Software Engineering},
  volume={26},
  number={5},
  pages={1--29},
  year={2021},
  publisher={Springer}
}

@inproceedings{amershi2019software,
  title={Software engineering for machine learning: A case study},
  author={Amershi, Saleema and Begel, Andrew and Bird, Christian and DeLine, Robert and Gall, Harald and Kamar, Ece and Nagappan, Nachiappan and Nushi, Besmira and Zimmermann, Thomas},
  booktitle={2019 IEEE/ACM 41st International Conference on Software Engineering: Software Engineering in Practice (ICSE-SEIP)},
  pages={291--300},
  year={2019},
  organization={IEEE}
}

@book{wieringa2014design,
  title={Design science methodology for information systems and software engineering},
  author={Wieringa, Roel J},
  year={2014},
  publisher={Springer}
}

@inproceedings{serban2020adoption,
  title={Adoption and effects of software engineering best practices in machine learning},
  author={Serban, Alex and van der Blom, Koen and Hoos, Holger and Visser, Joost},
  booktitle={Proceedings of the 14th ACM/IEEE International Symposium on Empirical Software Engineering and Measurement (ESEM)},
  pages={1--12},
  year={2020}
}

@inproceedings{de2019understanding,
  title={Understanding development process of machine learning systems: Challenges and solutions},
  author={de Souza Nascimento, Elizamary and Ahmed, Iftekhar and Oliveira, Edson and Palheta, M{\'a}rcio Piedade and Steinmacher, Igor and Conte, Tayana},
  booktitle={2019 ACM/IEEE International Symposium on Empirical Software Engineering and Measurement (ESEM)},
  pages={1--6},
  year={2019},
  organization={IEEE}
}

@inproceedings{serban2021practices,
  title={Practices for engineering trustworthy machine learning applications},
  author={Serban, Alex and van der Blom, Koen and Hoos, Holger and Visser, Joost},
  booktitle={2021 IEEE/ACM 1st Workshop on AI Engineering-Software Engineering for AI (WAIN)},
  pages={97--100},
  year={2021},
  organization={IEEE}
}

@article{sculley2015hidden,
  title={Hidden technical debt in machine learning systems},
  author={Sculley, David and Holt, Gary and Golovin, Daniel and Davydov, Eugene and Phillips, Todd and Ebner, Dietmar and Chaudhary, Vinay and Young, Michael and Crespo, Jean-Francois and Dennison, Dan},
  journal={Advances in neural information processing systems},
  volume={28},
  year={2015}
}

@book{ousterhout2018philosophy,
  title={A philosophy of software design},
  author={Ousterhout, John K},
  volume={98},
  year={2018},
  publisher={Yaknyam Press Palo Alto}
}

@book{hermans2021programmer,
  title={The Programmer's Brain: What every programmer needs to know about cognition},
  author={Hermans, Felienne},
  year={2021},
  publisher={Simon and Schuster}
}

@inproceedings{van2017versioning,
  title={Versioning for end-to-end machine learning pipelines},
  author={Van Der Weide, Tom and Papadopoulos, Dimitris and Smirnov, Oleg and Zielinski, Michal and Van Kasteren, Tim},
  booktitle={Proceedings of the 1st Workshop on Data Management for End-to-End Machine Learning},
  pages={1--9},
  year={2017}
}

@inproceedings{li2017scaling,
  title={Scaling machine learning as a service},
  author={Li, Li Erran and Chen, Eric and Hermann, Jeremy and Zhang, Pusheng and Wang, Luming},
  booktitle={International Conference on Predictive Applications and APIs},
  pages={14--29},
  year={2017},
  organization={PMLR}
}

@inproceedings{wirth2000crisp,
  title={CRISP-DM: Towards a standard process model for data mining},
  author={Wirth, R{\"u}diger and Hipp, Jochen},
  booktitle={Proceedings of the 4th international conference on the practical applications of knowledge discovery and data mining},
  volume={1},
  pages={29--40},
  year={2000},
  organization={Manchester}
}

@article{wirtz2019artificial,
  title={Artificial intelligence and the public sector—applications and challenges},
  author={Wirtz, Bernd W and Weyerer, Jan C and Geyer, Carolin},
  journal={International Journal of Public Administration},
  volume={42},
  number={7},
  pages={596--615},
  year={2019},
  publisher={Taylor \& Francis}
}

@inproceedings{akbik2019flair,
  title={FLAIR: An easy-to-use framework for state-of-the-art NLP},
  author={Akbik, Alan and Bergmann, Tanja and Blythe, Duncan and Rasul, Kashif and Schweter, Stefan and Vollgraf, Roland},
  booktitle={Proceedings of the 2019 Conference of the North American Chapter of the Association for Computational Linguistics (Demonstrations)},
  pages={54--59},
  year={2019}
}

@article{wolf2019huggingface,
  title={Huggingface's transformers: State-of-the-art natural language processing},
  author={Wolf, Thomas and Debut, Lysandre and Sanh, Victor and Chaumond, Julien and Delangue, Clement and Moi, Anthony and Cistac, Pierric and Rault, Tim and Louf, R{\'e}mi and Funtowicz, Morgan and others},
  journal={arXiv preprint arXiv:1910.03771},
  year={2019}
}

@article{devlin2018bert,
  title={Bert: Pre-training of deep bidirectional transformers for language understanding},
  author={Devlin, Jacob and Chang, Ming-Wei and Lee, Kenton and Toutanova, Kristina},
  journal={arXiv preprint arXiv:1810.04805},
  year={2018}
}

@book{srinivasa2018natural,
  title={Natural Language Processing and Computational Linguistics: A practical guide to text analysis with Python, Gensim, spaCy, and Keras},
  author={Srinivasa-Desikan, Bhargav},
  year={2018},
  publisher={Packt Publishing Ltd}
}

@article{vrehuuvrek2011gensim,
  title={Gensim—statistical semantics in python},
  author={Rehrek, Radim and Sojka, Petr and others},
  journal={Retrieved from genism. org},
  year={2011}
}

@article{pedregosa2011scikit,
  title={Scikit-learn: Machine learning in Python},
  author={Pedregosa, Fabian and Varoquaux, Ga{\"e}l and Gramfort, Alexandre and Michel, Vincent and Thirion, Bertrand and Grisel, Olivier and Blondel, Mathieu and Prettenhofer, Peter and Weiss, Ron and Dubourg, Vincent and others},
  journal={the Journal of machine Learning research},
  volume={12},
  pages={2825--2830},
  year={2011},
  publisher={JMLR. org}
}

@article{sun2019summarizing,
  title={Summarizing CPU and GPU design trends with product data},
  author={Sun, Yifan and Agostini, Nicolas Bohm and Dong, Shi and Kaeli, David},
  journal={arXiv preprint arXiv:1911.11313},
  year={2019}
}

@article{jordan2015machine,
  title={Machine learning: Trends, perspectives, and prospects},
  author={Jordan, Michael I and Mitchell, Tom M},
  journal={Science},
  volume={349},
  number={6245},
  pages={255--260},
  year={2015},
  publisher={American Association for the Advancement of Science}
}

@book{o2016weapons,
  title={Weapons of math destruction: How big data increases inequality and threatens democracy},
  author={O'neil, Cathy},
  year={2016},
  publisher={Broadway Books}
}

@inproceedings{wang2020autoai,
  title={Autoai: Automating the end-to-end ai lifecycle with humans-in-the-loop},
  author={Wang, Dakuo and Ram, Parikshit and Weidele, Daniel Karl I and Liu, Sijia and Muller, Michael and Weisz, Justin D and Valente, Abel and Chaudhary, Arunima and Torres, Dustin and Samulowitz, Horst and others},
  booktitle={Proceedings of the 25th International Conference on Intelligent User Interfaces Companion},
  pages={77--78},
  year={2020}
}

@incollection{joshi2020amazon,
  title={Amazon’s machine learning toolkit: Sagemaker},
  author={Joshi, Ameet V},
  booktitle={Machine Learning and Artificial Intelligence},
  pages={233--243},
  year={2020},
  publisher={Springer}
}

@inproceedings{baylor2017tfx,
  title={Tfx: A tensorflow-based production-scale machine learning platform},
  author={Baylor, Denis and Breck, Eric and Cheng, Heng-Tze and Fiedel, Noah and Foo, Chuan Yu and Haque, Zakaria and Haykal, Salem and Ispir, Mustafa and Jain, Vihan and Koc, Levent and others},
  booktitle={Proceedings of the 23rd ACM SIGKDD International Conference on Knowledge Discovery and Data Mining},
  pages={1387--1395},
  year={2017}
}

@article{thiee2021systematic,
  title={A systematic literature review of machine learning canvases},
  author={Thi{\'e}e, Lukas-Walter},
  journal={INFORMATIK 2021},
  year={2021},
  publisher={Gesellschaft f{\"u}r Informatik, Bonn}
}

@inproceedings{raji2020closing,
  title={Closing the AI accountability gap: Defining an end-to-end framework for internal algorithmic auditing},
  author={Raji, Inioluwa Deborah and Smart, Andrew and White, Rebecca N and Mitchell, Margaret and Gebru, Timnit and Hutchinson, Ben and Smith-Loud, Jamila and Theron, Daniel and Barnes, Parker},
  booktitle={Proceedings of the 2020 conference on fairness, accountability, and transparency},
  pages={33--44},
  year={2020}
}

@article{prado2020bonseyes,
  title={Bonseyes AI pipeline—Bringing AI to you: End-to-end integration of data, algorithms, and deployment tools},
  author={Prado, Miguel De and Su, Jing and Saeed, Rabia and Keller, Lorenzo and Vallez, Noelia and Anderson, Andrew and Gregg, David and Benini, Luca and Llewellynn, Tim and Ouerhani, Nabil and others},
  journal={ACM Transactions on Internet of Things},
  volume={1},
  number={4},
  pages={1--25},
  year={2020},
  publisher={ACM New York, NY, USA}
}

@inproceedings{john2020ai,
  title={AI Deployment Architecture: Multi-Case Study for Key Factor Identification},
  author={John, Meenu Mary and Olsson, Helena Holmstr{\"o}m and Bosch, Jan},
  booktitle={2020 27th Asia-Pacific Software Engineering Conference (APSEC)},
  pages={395--404},
  year={2020},
  organization={IEEE}
}

@incollection{bosch2021engineering,
  title={Engineering ai systems: A research agenda},
  author={Bosch, Jan and Olsson, Helena Holmstr{\"o}m and Crnkovic, Ivica},
  booktitle={Artificial Intelligence Paradigms for Smart Cyber-Physical Systems},
  pages={1--19},
  year={2021},
  publisher={IGI global}
}

@article{klaise2021alibi,
  title={Alibi Explain: algorithms for explaining machine learning models},
  author={Klaise, Janis and Van Looveren, Arnaud and Vacanti, Giovanni and Coca, Alexandru},
  journal={Journal of Machine Learning Research},
  volume={22},
  number={181},
  pages={1--7},
  year={2021}
}

@misc{jurafsky2019speech,
  title={Speech and Language Processing (3rd (draft) ed.)},
  author={Jurafsky, Dan and Martin, James H},
  year={2019},
  publisher={Stanford Univ}
}

@book{shull2007guide,
  title={Guide to advanced empirical software engineering},
  author={Shull, Forrest and Singer, Janice and Sj{\o}berg, Dag IK},
  year={2007},
  publisher={Springer}
}

@book{kleppmann2017designing,
  title={Designing data-intensive applications: The big ideas behind reliable, scalable, and maintainable systems},
  author={Kleppmann, Martin},
  year={2017},
  publisher={" O'Reilly Media, Inc."}
}

@article{davison2004principles,
  title={Principles of canonical action research},
  author={Davison, Robert and Martinsons, Maris G and Kock, Ned},
  journal={Information systems journal},
  volume={14},
  number={1},
  pages={65--86},
  year={2004},
  publisher={Wiley Online Library}
}

@article{krosnick1999survey,
  title={Survey research},
  author={Krosnick, Jon A},
  journal={Annual review of psychology},
  volume={50},
  number={1},
  pages={537--567},
  year={1999},
  publisher={Annual Reviews 4139 El Camino Way, PO Box 10139, Palo Alto, CA 94303-0139, USA}
}
